<record><leader>00000cas a2200000 a 4500</leader><controlfield tag="001">2720202</controlfield><controlfield tag="008">770204d19uu1947fludr ne      0    0eng  </controlfield><datafield ind1=" " ind2=" " tag="010"><subfield code="a">sn 83016277 </subfield><subfield code="z">   76649541 </subfield></datafield><datafield ind1=" " ind2=" " tag="040"><subfield code="a">DLC</subfield><subfield code="b">eng</subfield><subfield code="c">DLC</subfield><subfield code="d">FUG</subfield><subfield code="d">OCLCQ</subfield><subfield code="d">OCLCO</subfield><subfield code="d">OCLCQ</subfield><subfield code="d">OCLCF</subfield></datafield><datafield ind1="1" ind2=" " tag="029"><subfield code="a">AU@</subfield><subfield code="b">000025836067</subfield></datafield><datafield ind1=" " ind2=" " tag="042"><subfield code="a">pcc</subfield></datafield><datafield ind1=" " ind2=" " tag="043"><subfield code="a">n-us-fl</subfield></datafield><datafield ind1="0" ind2="0" tag="050"><subfield code="a">Newspaper 7002</subfield></datafield><datafield ind1="0" ind2="0" tag="245"><subfield code="a">Orlando reporter-star.</subfield></datafield><datafield ind1=" " ind2=" " tag="260"><subfield code="a">Orlando, Fla. :</subfield><subfield code="b">M. Andersen</subfield></datafield><datafield ind1=" " ind2=" " tag="300"><subfield code="a">v. :</subfield><subfield code="b">ill. ;</subfield><subfield code="c">60 cm.</subfield></datafield><datafield ind1=" " ind2=" " tag="310"><subfield code="a">Daily</subfield></datafield><datafield ind1="1" ind2=" " tag="362"><subfield code="a">Ceased in Mar. 1947.</subfield></datafield><datafield ind1=" " ind2=" " tag="500"><subfield code="a">"Independent Democratic." Cf. Ayer, 1947.</subfield></datafield><datafield ind1=" " ind2=" " tag="588"><subfield code="a">Description based on: Vol. 53, no. 4888 (Apr. 13, 1945).</subfield></datafield><datafield ind1=" " ind2="0" tag="651"><subfield code="a">Orlando (Fla.)</subfield><subfield code="v">Newspapers.</subfield></datafield><datafield ind1=" " ind2="0" tag="651"><subfield code="a">Orange County (Fla.)</subfield><subfield code="v">Newspapers.</subfield></datafield><datafield ind1=" " ind2="7" tag="655"><subfield code="a">Newspapers.</subfield><subfield code="2">fast</subfield><subfield code="0">(OCoLC)fst01423814</subfield></datafield><datafield ind1=" " ind2="7" tag="651"><subfield code="a">Florida</subfield><subfield code="z">Orange County.</subfield><subfield code="2">fast</subfield><subfield code="0">(OCoLC)fst01211878</subfield></datafield><datafield ind1=" " ind2="7" tag="651"><subfield code="a">Florida</subfield><subfield code="z">Orlando.</subfield><subfield code="2">fast</subfield><subfield code="0">(OCoLC)fst01204036</subfield></datafield><datafield ind1=" " ind2=" " tag="752"><subfield code="a">United States</subfield><subfield code="b">Florida</subfield><subfield code="c">Orange</subfield><subfield code="d">Orlando.</subfield></datafield><datafield ind1="0" ind2="0" tag="780"><subfield code="t">Evening reporter-star</subfield><subfield code="w">(DLC)sn 97027590</subfield><subfield code="w">(OCoLC)36700245</subfield></datafield><datafield ind1="0" ind2="0" tag="785"><subfield code="t">Orlando evening star</subfield><subfield code="w">(DLC)sn 97027716</subfield><subfield code="w">(OCoLC)36699002</subfield></datafield></record>